<?xml version="1.0" encoding="UTF-8"?><collection xmlns="http://www.loc.gov/MARC21/slim"><record><leader>00364nam--2200121-i-4500</leader><controlfield tag="001">000037257</controlfield><controlfield tag="002">20161230</controlfield><controlfield tag="005">20161230201041</controlfield><controlfield tag="008">060222s1000------------r-----000-0-eng-d</controlfield><datafield ind1=" " ind2=" " tag="080"><subfield code="a">550.34=03.82=590</subfield></datafield><datafield ind1=" " ind2=" " tag="245"><subfield code="a">Problemele teoriei dinamice a propagarii undelor seismice. culegerea i</subfield></datafield><datafield ind1=" " ind2=" " tag="260"><subfield code="a">Leningrad, Minist.Industr.Petrolifere A Urss, 1957, 420p</subfield></datafield><datafield ind1=" " ind2=" " tag="852"><subfield code="a">47795</subfield></datafield></record></collection>